<?xml version="1.0" encoding="UTF-8"?><collection xmlns="http://www.loc.gov/MARC21/slim"><record><leader>00607nam--2200169-i-4500</leader><controlfield tag="001">000022603</controlfield><controlfield tag="002">20161230</controlfield><controlfield tag="005">20161230201034</controlfield><controlfield tag="008">060222s1000------------r-----000-0-eng-d</controlfield><datafield ind1=" " ind2=" " tag="040"><subfield code="a">IFIN-HH</subfield></datafield><datafield ind1=" " ind2=" " tag="080"><subfield code="a">539.122.13</subfield></datafield><datafield ind1="1" ind2=" " tag="100"><subfield code="a">Hamilton, Joseph H</subfield></datafield><datafield ind1="1" ind2="0" tag="245"><subfield code="a">Internal conversion processes</subfield><subfield code="b">Including the proccedings of the international conference on the internal conversion process, may 10-13, 1965, vanderbilt university, nashville, tennessee</subfield><subfield code="c">Joseph h.hamilton (ed.)</subfield></datafield><datafield ind1=" " ind2=" " tag="260"><subfield code="a">New York</subfield><subfield code="b">Academic Press</subfield><subfield code="c">1966</subfield></datafield><datafield ind1=" " ind2=" " tag="300"><subfield code="a">XXV + 669P</subfield></datafield><datafield ind1=" " ind2=" " tag="852"><subfield code="a">24817</subfield><subfield code="c">539.163.2</subfield></datafield><datafield ind1=" " ind2=" " tag="CAT"><subfield code="a">Sys</subfield><subfield code="c">20120521</subfield><subfield code="h">134439</subfield></datafield></record></collection>